@article{BB,
  author = {Jean-David Benamou and Yann Brenier},
  year = {2000},
  title = {A computational fluid mechanics solution to the monge-kantorovich mass transfer problem},
  journal = {Numerische Mathematik},
  volume={84},
  pages={375â€“393},
  publisher = {Springer-Verlag},
}

@book{assignment,
  title={Assignment Problems, Revised Reprint},
  author={Burkard, R. and Dell'Amico, M. and Martello, S.},
  isbn={9781611972221},
  lccn={2008032587},
  series={Other Titles in Applied Mathematics},
  year={2012},
  publisher={Society for Industrial and Applied Mathematics}
}


@book{OT4ApplMath,
  title={Optimal Transport for Applied Mathematicians: Calculus of Variations, PDEs, and Modeling},
  author={Santambrogio, F.},
  isbn={9783319208282},
  series={Progress in Nonlinear Differential Equations and Their Applications},
  year={2015},
  publisher={Springer International Publishing}
}

@book{villani,
  title={Topics in Optimal Transportation},
  author={Villani, C.},
  isbn={9780821833124},
  lccn={2003040350},
  series={Graduate studies in mathematics},
  year={2003},
  publisher={American Mathematical Society}
}
